<record><leader>00000cas a22000007a 4500</leader><controlfield tag="001">49499760</controlfield><controlfield tag="008">020401c200u9999waumr ne      0    0eng c</controlfield><datafield ind1=" " ind2=" " tag="010"><subfield code="a">  2002252213</subfield></datafield><datafield ind1=" " ind2=" " tag="040"><subfield code="a">WAU</subfield><subfield code="b">eng</subfield><subfield code="c">WAU</subfield><subfield code="d">WAU</subfield><subfield code="d">OCLCQ</subfield><subfield code="d">OCLCF</subfield><subfield code="d">OCLCA</subfield></datafield><datafield ind1="1" ind2=" " tag="029"><subfield code="a">AU@</subfield><subfield code="b">000023461260</subfield></datafield><datafield ind1=" " ind2=" " tag="037"><subfield code="b">Muckleshoot monthly, 39015 172nd Ave. SE, Auburn, WA 98092</subfield></datafield><datafield ind1=" " ind2=" " tag="042"><subfield code="a">msc</subfield></datafield><datafield ind1=" " ind2=" " tag="043"><subfield code="a">n-us-wa</subfield></datafield><datafield ind1=" " ind2=" " tag="090"><subfield code="a">E99.M917</subfield><subfield code="b">M839</subfield></datafield><datafield ind1="0" ind2="0" tag="245"><subfield code="a">Muckleshoot monthly.</subfield></datafield><datafield ind1=" " ind2=" " tag="260"><subfield code="a">Muckleshoot Indian Reservation, WA :</subfield><subfield code="b">Muckleshoot Indian Tribe</subfield></datafield><datafield ind1=" " ind2=" " tag="300"><subfield code="a">v. :</subfield><subfield code="b">ill. ;</subfield><subfield code="c">58 cm.</subfield></datafield><datafield ind1=" " ind2=" " tag="310"><subfield code="a">Monthly</subfield></datafield><datafield ind1=" " ind2=" " tag="515"><subfield code="a">Issue for Nov. 15, 2001 misnumbered as v. 2, no. 9, but is v. 2, no. 10.</subfield></datafield><datafield ind1=" " ind2=" " tag="588"><subfield code="a">Description based on: Vol. 2, no. 3 (Apr. 2001).</subfield></datafield><datafield ind1=" " ind2=" " tag="588"><subfield code="a">Latest issue consulted: Vol. 2, no. 11 (Dec. 15, 2001).</subfield></datafield><datafield ind1=" " ind2="0" tag="650"><subfield code="a">Muckleshoot Indians</subfield><subfield code="v">Newspapers.</subfield></datafield><datafield ind1=" " ind2="0" tag="651"><subfield code="a">Muckleshoot Indian Tribe of the Muckleshoot Reservation, Washington</subfield><subfield code="v">Newspapers.</subfield></datafield><datafield ind1=" " ind2="0" tag="651"><subfield code="a">Muckleshoot Reservation (Wash.)</subfield><subfield code="v">Newspapers.</subfield></datafield><datafield ind1=" " ind2="7" tag="655"><subfield code="a">Muckleshoot newspapers.</subfield><subfield code="2">ngl</subfield></datafield><datafield ind1=" " ind2="7" tag="655"><subfield code="a">Native American newspapers</subfield><subfield code="z">Washington (State)</subfield><subfield code="2">ngl</subfield></datafield><datafield ind1=" " ind2="7" tag="655"><subfield code="a">Newspapers.</subfield><subfield code="2">fast</subfield><subfield code="0">(OCoLC)fst01423814</subfield></datafield><datafield ind1="2" ind2="7" tag="610"><subfield code="a">Muckleshoot Indian Tribe of the Muckleshoot Reservation, Washington.</subfield><subfield code="2">fast</subfield><subfield code="0">(OCoLC)fst01713293</subfield></datafield><datafield ind1=" " ind2="7" tag="650"><subfield code="a">Muckleshoot Indians.</subfield><subfield code="2">fast</subfield><subfield code="0">(OCoLC)fst01028614</subfield></datafield><datafield ind1=" " ind2="7" tag="651"><subfield code="a">Washington (State)</subfield><subfield code="z">Muckleshoot Reservation.</subfield><subfield code="2">fast</subfield><subfield code="0">(OCoLC)fst01270783</subfield></datafield><datafield ind1="1" ind2=" " tag="710"><subfield code="a">Muckleshoot Indian Tribe of the Muckleshoot Reservation, Washington.</subfield></datafield><datafield ind1=" " ind2=" " tag="752"><subfield code="a">United States</subfield><subfield code="b">Washington</subfield><subfield code="c">King</subfield><subfield code="d">Muckleshoot Reservation.</subfield></datafield></record>